%Entries

@Book{nnet,
    title = {Modern Applied Statistics with S},
    author = {W. N. Venables and B. D. Ripley},
    publisher = {Springer},
    edition = {Fourth},
    address = {New York},
    year = {2002},
    note = {ISBN 0-387-95457-0},
    url = {https://www.stats.ox.ac.uk/pub/MASS4/},
  }
  
  @Book{h2o,
    title = {h2o: R Interface for H2O. R},
    author = {W. N. Venables and B. D. Ripley},
    edition = {package version 3.30.0.6.},
    year = {2020},
    url = {https://github.com/h2oai/h2o-3},
  }
  
  @Book{h2oDL,
    title = {Candel, A., Parmar, V., LeDell, E., and Arora, A.},
    author = {W. N. Venables and B. D. Ripley},
    edition = {Apr 2018},
    year = {2018},
    url = {http://h2o.ai/resources},
}

@Article{otexts,
  author        = "https://otexts.com/",
  title         = "Neural network models",
  url           = "https://otexts.com/fpp2/nnetar.html",
  note          = "",
}

@Article{ann,
  author        = "https://www.sciencedirect.com",
  title         = "Artificial Neural Network",
  url           = "https://www.sciencedirect.com/topics/computer-science/artificial-neural-network",
  note          = "",
}

@Article{logreg,
  author        = "christophm",
  title         = "Logistic Regression",
  url           = "https://christophm.github.io/interpretable-ml-book/logistic.html",
  note          = "",
}

@Article{ucla,
  author        = "UCLA",
  title         = "Logistic Regression",
  url           = "https://stats.idre.ucla.edu/other/mult-pkg/faq/general/faqwhat-is-complete-or-quasi-complete-separation-in-logistic-regression-and-what-are-some-strategies-to-deal-with-the-issue/",
  note          = "ignoring the problem of complete separation",
}

@Article{newton,
  author        = "StackExchange",
  title         = "Logistic Regression",
  url           = "https://stats.stackexchange.com/questions/344309/why-using-newtons-method-for-logistic-regression-optimization-is-called-iterati",
  note          = "Why using Newton's method for logistic regression optimization is called iterative re-weighted least squares?",
}

@Article{rki,
  author        = "RKI",
  title         = "Breast cancer, ICD-10 C50",
  url           = "https://www.krebsdaten.de/Krebs/EN/Content/Cancer_sites/Breast_cancer/breast_cancer_node.html",
  note          = "",
}

@Article{malignant-and-benign,
  author        = "VerywellHealth",
  title         = "Differences Between a Malignant and Benign Tumor",
  url           = "https://www.verywellhealth.com/what-does-malignant-and-benign-mean-514240",
  note          = "",
}

@Article{cancer-cells-vs-normal,
  author        = "VerywellHealth",
  title         = "Cancer Cells vs. Normal Cells: How Are They Different?",
  url           = "https://www.verywellhealth.com/cancer-cells-vs-normal-cells-2248794",
  note          = "",
}

@Article{nn-better-logReg,
  author        = "James D. McCaffrey",
  title         = "Why a Neural Network is Always Better than Logistic Regression",
  url           = "https://jamesmccaffrey.wordpress.com/2018/07/07/why-a-neural-network-is-always-better-than-logistic-regression/",
  note          = "",
}